@article{loo2021data,
  title = {Data Validation Infrastructure for {R}},
  author = {Mark P. J. {van der Loo} and Edwin {de Jonge}},
  journal = {Journal of Statistical Software},
  year = {2021},
  volume = {97},
  number = {10},
  pages = {1--31},
  doi = {10.18637/jss.v097.i10},
}

